@string{aaai = {Proc. of the National Conference on Artificial Intelligence (AAAI)}}
@string{acl = {Proc. of the Annual Meeting of the Association for Computational Linguistics (ACL)}}
@string{aia = {Proc. of the International Conference on Artificial Intelligence and Applications (AIA)}}
@string{aistats = {Proc. of the International Conference on Artificial Intelligence and Statistics (AIStats)}}
@string{amta = {Proc. of the Conference of the Association for Machine Translation in the Americas (AMTA)}}
@string{cikm = {Proc. of the Conference on Information and Knowledge Management (CIKM)}}
@string{cl = {Computational Linguistics}}
@string{coling = {Proc. of the International Conference on Computational Linguistics (COLING)}}
@string{colt = {Proc. of the Annual ACM Workshop on Computational Learning Theory (COLT)}}
@string{conll = {Proc. of the Annual Conference on Computational Natural Language Learning (CoNLL)}}
@string{cvpr = {Proc. of the Conference on Computer Vision and Pattern Recognition (CVPR)}}
@string{eacl = {Proc. of the Meeting of the European Association of Computational Linguistics (EACL)}}
@string{ecml = {Proc. of the European Conference on Machine Learning (ECML)}}
@string{emnlp = {Proc. of the Conference on Empirical Methods in Natural Language Processing (EMNLP)}}
@string{hlt = {Proc. of the International Conference on Human Language Technology Research (HLT)}}
@string{icann = {Proc. of the International Conference on Artificial Neural Networks (ICANN)}}
@string{icml = {Proc. of the International Conference on Machine Learning (ICML)}}
@string{ijcai = {Proc. of the International Joint Conference on Artificial Intelligence (IJCAI)}}
@string{ijcnlp = {Proc. of the International Joint Conference on Natural Language Processing (IJCNLP)}}
@string{jmlr = {Journal of Machine Learning Research}}
@string{ml = {Machine Learning}}
@string{mts = {Proc. of the Machine Translation Summit}}
@string{naacl = {Proc. of the Annual Meeting of the North American Association of Computational Linguistics (NAACL)}}
@string{nips = {Proc. of the Conference on Advances in Neural Information Processing Systems (NIPS)}}
@string{pods = {Proc. of tha Annual ACM Symposium on Principles of Database Systems}}
@string{sigir = {Proc. of International Conference on Research and Development in Information Retrieval (SIGIR)}}
@string{soda = {Proc. of the Annual ACM-SIAM Symposium on Discrete Algorithms}}
@string{talip = {ACM Transactions on Asian Language Information Processing (TALIP)}}
@string{uai = {Proc. of the Conference on Uncertainty in Artificial Intelligence (UAI)}}
@string{www = {Proc. of the International Conference on World Wide Web (WWW)}}



@article{Brown:1993,
  author =  {Peter Brown and Stephen {Della Pietra} and Vincent {Della Pietra} and Robert Mercer},
  title =   {The Mathematics of Machine Translation: Parameter Estimation},
  journal = {Computational Linguistics},
  year =    {1993},
  volume =  {19},
  number =  {2},
  pages =   {263--311},
  month =   {June},
  url =     {http://acl.ldc.upenn.edu/J/J93/J93-2003.pdf}
}

@inproceedings{Koehn:2002,
	Author = {Philipp Koehn and Kevin Knight},
	Booktitle = {ACL Workshop on Unsupervised Lexical Acquisition},
	Date-Added = {2007-12-22 21:06:23 -0600},
	Date-Modified = {2010-01-19 13:30:22 -0500},
	Keywords = {Lexicon Induction},
	Title = {Learning a Translation Lexicon from Monolingual Corpora},
	Year = {2002}}

@inproceedings{Chiang:2005,
	Author = {David Chiang},
	Booktitle = acl,
	Keywords = {Machine Translation},
	Title = {A Hierarchical Phrase-Based Model for Statistical Machine Translation},
	Year = {2005}}

@inproceedings{Koehn:2005,
	Author = {Philipp Koehn},
	Booktitle = mts,
	Keywords = {Machine Translation},
	Title = {Europarl: A Parallel Corpus for Statistical Machine Translation},
	Year = {2005}}
	
@inproceedings{Koehn:2003,
	Author = {Philipp Koehn and Franz Josef Och and Daniel Marcu},
	Booktitle = NAACL,
	Keywords = {Machine Translation},
	Pages = {48-54},
	Title = {Statistical Phrase-Based Translation},
	Year = {2003}}

@article{Lopez:2008,
	Author = {Adam Lopez},
	Journal = {ACM Computing Surveys},
	Keywords = {Machine Translation},
	Month = {August},
	Number = {3},
	Pages = {1-49},
	Title = {Statistical Machine Translation},
	Volume = {40},
	Year = {2008}}

@inproceedings{Mimno:2009,
	Author = {David Mimno and Hanna Wallach and Jason Naradowsky and David Smith and Andrew McCallum},
	Booktitle = emnlp,
	Keywords = {Lexicon Induction, Topic Models},
	Title = {Polylingual Topic Models},
	Year = {2009}}

@inproceedings{Haghighi:2008,
	Author = {Aria Haghighi and Percy Liang and Taylor Berg-Kirkpatrick and Dan Klein},
	Booktitle = acl,
	Keywords = {Lexicon Induction},
	Title = {Learning Bilingual Lexicons from Monolingual Corpora},
	Year = {2008}}
	
@inproceedings{Koehn:2000,
	Author = {Philipp Koehn and Kevin Knight},
	Booktitle = aaai,
	Keywords = {Lexicon Induction},
	Title = {Estimating word translation probabilities from unrelated monolingual corpora using the {EM} algorithm},
	Year = {2000}}

@inproceedings{Fung:1998,
	Author = {Pascale Fung and Lo Yuen Yee},
	Booktitle = acl,
	Keywords = {Lexicon Induction, Weakly Supervised Learning},
	Pages = {414-420},
	Title = {An {IR} Approach for Translating New Words from Nonparallel, Comparable Texts},
	Year = {1998}}

@inproceedings{Rapp:1995,
	Author = {Reinhard Rapp},
	Booktitle = ACL,
	Keywords = {Lexicon Induction},
	Pages = {320-322},
	Title = {Identifying Word Translations in Non-Parallel Texts},
	Year = {1995}}

@inproceedings{Rapp:1999,
	Author = {Rapp, Reinhard},
	Booktitle = acl,
	Keywords = {Lexicon Induction, Weakly Supervised Learning},
	Pages = {519-526},
	Title = {Automatic Identification of Word Translations from Unrelated {English} and {German} Corpora},
	Year = {1999}}
	
@inproceedings{Klementiev:2006b,
	Author = {Klementiev, Alexandre and Roth, Dan},
	Booktitle = ACL,
	Keywords = {Named Entity Discovery, Transliteration, Russian},
	Title = {Weakly Supervised Named Entity Transliteration and Discovery from Multilingual Comparable Corpora},
	Year = {2006}}

@inproceedings{Virga:2003,
	Author = {Virga, Paola and Khudanpur, Sanjeev},
	Booktitle = acl,
	Keywords = {Transliteration},
	Title = {Transliteration of Proper Names in Cross-Lingual Information Retrieval},
	Year = {2003}}

@inproceedings{Schafer:2002,
	Author = {Schafer, Charles and Yarowsky, David},
	Booktitle = conll,
	Keywords = {Lexicon Induction},
	Pages = {146-152},
	Title = {Inducing translation lexicons via diverse similarity measures and bridge languages},
	Year = {2002}}

@inproceedings{Irvine:2010a,
	Author = {Irvine, Ann and Callison-Burch, Chris and Klementiev, Alexandre},
	Booktitle = amta,
	Keywords = {Transliteration},
	Title = {Transliterating From All Languages},
	Year = {2010}}


@article{Resnik:2003,
  author =  {Philip Resnik and Noah Smith},
  title =   {The Web as a Parallel Corpus},
  journal = {Computational Linguistics},
  volume =  {29},
  number =  {3},
  pages =   {349-380},
  month =   {September},
  year =    {2003}
}


@inproceedings{Uszkoreit:2010,
	Author = {Uszkoreit, Jakob and Ponte, Jay M. and Popat, Ashok C. and Dubiner, Moshe},
	Booktitle = coling,
	Keywords = {IR Methods, Large Scale Mining},
	Title = {Large Scale Parallel Document Mining for Machine Translation},
	Year = {2010}}

@inproceedings{Munteanu:2006,
	Author = {Munteanu, Dragos Stefan and Marcu, Daniel},
	Booktitle = acl,
	Pages = {81-88},
	Title = {Extracting Parallel Sub-Sentential Fragments from Non-Parallel Corpora},
	Year = {2006}}

@inproceedings{Smith:2010,
	Author = {Smith, Jason R. and Quirk, Chris and Toutanova, Kristina},
	Booktitle = acl,
	Pages = {403-411},
	Title = {Extracting Parallel Sentences from Comparable Corpora using Document Level Alignment},
	Year = {2010}}

@InProceedings{alfonseca-ciaramita-hall:2009:EMNLP,
  author    = {Alfonseca, Enrique  and  Ciaramita, Massimiliano  and  Hall, Keith},
  title     = {{Gazpacho} and summer rash: lexical relationships from temporal patterns of web search queries},
  booktitle = {Proceedings of the 2009 Conference on Empirical Methods in Natural Language Processing},
  month     = {August},
  year      = {2009},
  address   = {Singapore},
  publisher = {Association for Computational Linguistics},
  pages     = {1046--1055},
  url       = {http://www.aclweb.org/anthology/D/D09/D09-1109}
}
